<?xml version="1.0" encoding="UTF-8"?><collection xmlns="http://www.loc.gov/MARC21/slim"><record><leader>00484nam--2200145-i-4500</leader><controlfield tag="001">000040595</controlfield><controlfield tag="002">20161230</controlfield><controlfield tag="005">20161230201042</controlfield><controlfield tag="008">060222s1000------------r-----000-0-eng-d</controlfield><datafield ind1=" " ind2=" " tag="080"><subfield code="a">543.544.25:61:015</subfield></datafield><datafield ind1=" " ind2=" " tag="100"><subfield code="a">Schmidt,Karkheinz</subfield></datafield><datafield ind1=" " ind2=" " tag="245"><subfield code="a">Lungenfunktionsuntersuchungen und gas-chromatographische messungen der exalierten luft bei trichlorathylenexponierten</subfield></datafield><datafield ind1=" " ind2=" " tag="260"><subfield code="a">Tubingen, Medizin Der Eberhard-karls-univ.Zu Tubingen, 1971. 67 P</subfield></datafield><datafield ind1=" " ind2=" " tag="490"><subfield code="a">Dissertation</subfield></datafield><datafield ind1=" " ind2=" " tag="852"><subfield code="a">39029</subfield></datafield></record></collection>